<record><leader>00000cas a22000007a 4500</leader><controlfield tag="001">10466750</controlfield><controlfield tag="008">840228d1870196upauwr ne      0    0eng d</controlfield><datafield ind1=" " ind2=" " tag="010"><subfield code="a">sn 84026398 </subfield></datafield><datafield ind1=" " ind2=" " tag="040"><subfield code="a">NPU</subfield><subfield code="b">eng</subfield><subfield code="c">NPU</subfield><subfield code="d">NPX</subfield><subfield code="d">NPH</subfield><subfield code="d">MGN</subfield><subfield code="d">UPM</subfield><subfield code="d">OCLCQ</subfield><subfield code="d">OCLCF</subfield><subfield code="d">OCLCO</subfield></datafield><datafield ind1=" " ind2=" " tag="042"><subfield code="a">msc</subfield></datafield><datafield ind1=" " ind2=" " tag="043"><subfield code="a">n-us-pa</subfield></datafield><datafield ind1="0" ind2="4" tag="245"><subfield code="a">The M'Kean County miner.</subfield></datafield><datafield ind1="3" ind2="0" tag="246"><subfield code="a">McKean County miner</subfield></datafield><datafield ind1="1" ind2="3" tag="246"><subfield code="a">M'Kean miner</subfield></datafield><datafield ind1=" " ind2=" " tag="260"><subfield code="a">Smethport, Pa. :</subfield><subfield code="b">Bard &amp; Barbour,</subfield><subfield code="c">1870-</subfield></datafield><datafield ind1=" " ind2=" " tag="300"><subfield code="a">v. ;</subfield><subfield code="c">61 cm.</subfield></datafield><datafield ind1=" " ind2=" " tag="310"><subfield code="a">Weekly</subfield></datafield><datafield ind1="0" ind2=" " tag="362"><subfield code="a">Vol. 8, no. 4 (Nov. 3, 1870)-</subfield></datafield><datafield ind1=" " ind2=" " tag="500"><subfield code="a">Publishers: E.H. Bard &amp; H.F. Barbour, &lt;1873&gt;; H.F. Barbour, &lt;1874-1876&gt;; L. Rodgers, &lt;1885&gt;.</subfield></datafield><datafield ind1=" " ind2=" " tag="500"><subfield code="a">Republican, &lt;1876&gt;.</subfield></datafield><datafield ind1=" " ind2=" " tag="500"><subfield code="a">Editor: H.F. Barbour, &lt;1874-1876&gt;.</subfield></datafield><datafield ind1=" " ind2=" " tag="515"><subfield code="a">No paper issued July 6, 1876.</subfield></datafield><datafield ind1=" " ind2="0" tag="651"><subfield code="a">Smethport (Pa.)</subfield><subfield code="v">Newspapers.</subfield></datafield><datafield ind1=" " ind2="0" tag="651"><subfield code="a">McKean County (Pa.)</subfield><subfield code="v">Newspapers.</subfield></datafield><datafield ind1=" " ind2="7" tag="655"><subfield code="a">Newspapers.</subfield><subfield code="2">fast</subfield><subfield code="0">(OCoLC)fst01423814</subfield></datafield><datafield ind1=" " ind2="7" tag="651"><subfield code="a">Pennsylvania</subfield><subfield code="z">McKean County.</subfield><subfield code="2">fast</subfield><subfield code="0">(OCoLC)fst01213032</subfield></datafield><datafield ind1=" " ind2="7" tag="651"><subfield code="a">Pennsylvania</subfield><subfield code="z">Smethport.</subfield><subfield code="2">fast</subfield><subfield code="0">(OCoLC)fst01252579</subfield></datafield><datafield ind1=" " ind2=" " tag="752"><subfield code="a">United States</subfield><subfield code="b">Pennsylvania</subfield><subfield code="c">McKean</subfield><subfield code="d">Smethport.</subfield></datafield><datafield ind1="0" ind2="0" tag="780"><subfield code="t">M'Kean miner</subfield><subfield code="w">(DLC)sn 86053958</subfield></datafield><datafield ind1="0" ind2="7" tag="785"><subfield code="t">Mount Jewett echo</subfield><subfield code="w">(DLC)sn 87080560</subfield></datafield><datafield ind1="0" ind2="7" tag="785"><subfield code="t">McKean County miner and Mount Jewett echo</subfield><subfield code="w">(DLC)sn 87080561</subfield></datafield></record>